<record><leader>00000cas a2200000 a 4500</leader><controlfield tag="001">10110763</controlfield><controlfield tag="008">831109d18521864nyuwr ne      0    0eng c</controlfield><datafield ind1=" " ind2=" " tag="010"><subfield code="a">sn 83031721 </subfield></datafield><datafield ind1=" " ind2=" " tag="040"><subfield code="a">NPU</subfield><subfield code="b">eng</subfield><subfield code="c">NPU</subfield><subfield code="d">NPX</subfield><subfield code="d">NYS</subfield><subfield code="d">OCLCQ</subfield><subfield code="d">OCLCF</subfield><subfield code="d">OCLCO</subfield></datafield><datafield ind1="1" ind2=" " tag="029"><subfield code="a">AU@</subfield><subfield code="b">000020418253</subfield></datafield><datafield ind1=" " ind2=" " tag="042"><subfield code="a">pcc</subfield></datafield><datafield ind1=" " ind2=" " tag="043"><subfield code="a">n-us-ny</subfield></datafield><datafield ind1="0" ind2=" " tag="130"><subfield code="a">Yonkers herald (Yonkers, N.Y. : 1852)</subfield></datafield><datafield ind1="1" ind2="4" tag="245"><subfield code="a">The Yonkers herald.</subfield></datafield><datafield ind1=" " ind2=" " tag="260"><subfield code="a">Yonkers, N.Y. :</subfield><subfield code="b">Thomas C. Cornell,</subfield><subfield code="c">1852-1864.</subfield></datafield><datafield ind1=" " ind2=" " tag="300"><subfield code="a">v.</subfield></datafield><datafield ind1=" " ind2=" " tag="310"><subfield code="a">Weekly</subfield></datafield><datafield ind1="0" ind2=" " tag="362"><subfield code="a">Vol. 1, no. 1 (June 19, 1952)-</subfield></datafield><datafield ind1=" " ind2=" " tag="500"><subfield code="a">Editor and proprietor: Thomas Smith, &lt;1852-1864&gt;.</subfield></datafield><datafield ind1="4" ind2=" " tag="510"><subfield code="a">McCadden, Helen M. "Early Newspapers in Yonkers," Yonkers Historical Bulletin, Vol. XX, No. 1</subfield><subfield code="c">p. 3</subfield></datafield><datafield ind1=" " ind2=" " tag="588"><subfield code="a">Description based on: Vol. 2, no. 42 (Apr. 1, 1854).</subfield></datafield><datafield ind1=" " ind2="0" tag="651"><subfield code="a">Yonkers (N.Y.)</subfield><subfield code="v">Newspapers.</subfield></datafield><datafield ind1=" " ind2="0" tag="651"><subfield code="a">Westchester County (N.Y.)</subfield><subfield code="v">Newspapers.</subfield></datafield><datafield ind1=" " ind2="7" tag="655"><subfield code="a">Newspapers.</subfield><subfield code="2">fast</subfield><subfield code="0">(OCoLC)fst01423814</subfield></datafield><datafield ind1=" " ind2="7" tag="651"><subfield code="a">New York (State)</subfield><subfield code="z">Westchester County.</subfield><subfield code="2">fast</subfield><subfield code="0">(OCoLC)fst01202684</subfield></datafield><datafield ind1=" " ind2="7" tag="651"><subfield code="a">New York (State)</subfield><subfield code="z">Yonkers.</subfield><subfield code="2">fast</subfield><subfield code="0">(OCoLC)fst01215788</subfield></datafield><datafield ind1=" " ind2=" " tag="752"><subfield code="a">United States</subfield><subfield code="b">New York</subfield><subfield code="c">Westchester</subfield><subfield code="d">Yonkers.</subfield></datafield><datafield ind1="0" ind2="0" tag="785"><subfield code="t">Gazette (Yonkers, N.Y. : 1864)</subfield><subfield code="w">(DLC)sn 83031723</subfield><subfield code="w">(OCoLC)10110586</subfield></datafield></record>